@misc{n1256:conformance,
    title = {{ISO/IEC 9899:1999 - 4. Conformance}},
    howpublished = {\url{https://port70.net/~nsz/c/c99/n1256.html#4p6}}
}

@misc{libsdl:about,
    title = {{Simple DirectMedia Layer}},
    howpublished = {\url{https://www.libsdl.org}}
}

@misc{cowgod:chip8,
    title = {{Cowgod's Chip-8 Technical Reference v1.0}},
    howpublished = {\url{http://devernay.free.fr/hacks/chip8/C8TECH10.HTM}}
}

@misc{cowgod:schip,
    title = {{SUPER-CHIP v1.1}},
    howpublished = {\url{http://devernay.free.fr/hacks/chip8/schip.txt}}
}

@misc{github:chip8-test-suite,
    title = {{CHIP-8 test suite}},
    howpublished = {\url{https://github.com/Timendus/chip8-test-suite}}
}

@misc{elm-chan:fatfs,
    title = {{elm-chan.org - FatFs - Generic FAT Filesystem Module}},
    howpublished = {\url{http://elm-chan.org/fsw/ff/00index_e.html}}
}
